
    <zs:record>
      <zs:recordSchema/>
      <zs:recordPacking>xml</zs:recordPacking>
      <zs:recordData>
        <record xmlns="http://www.loc.gov/MARC21/slim">
          <leader>00907cam a22002651  4500</leader>
          <controlfield tag="001">8886082</controlfield>
          <controlfield tag="005">20000331110907.0</controlfield>
          <controlfield tag="008">740213s1959    enka          000 0beng  </controlfield>
          <datafield tag="035" ind1=" " ind2=" ">
            <subfield code="9">(DLC)   59003106</subfield>
          </datafield>
          <datafield tag="906" ind1=" " ind2=" ">
            <subfield code="a">7</subfield>
            <subfield code="b">cbc</subfield>
            <subfield code="c">oclcrpl</subfield>
            <subfield code="d">u</subfield>
            <subfield code="e">ncip</subfield>
            <subfield code="f">19</subfield>
            <subfield code="g">y-gencatlg</subfield>
          </datafield>
          <datafield tag="010" ind1=" " ind2=" ">
            <subfield code="a">   59003106 </subfield>
          </datafield>
          <datafield tag="015" ind1=" " ind2=" ">
            <subfield code="a">GB59-5579</subfield>
          </datafield>
          <datafield tag="035" ind1=" " ind2=" ">
            <subfield code="a">(OCoLC)798519</subfield>
          </datafield>
          <datafield tag="040" ind1=" " ind2=" ">
            <subfield code="a">DLC</subfield>
            <subfield code="c">OKentU</subfield>
            <subfield code="d">OCoLC</subfield>
            <subfield code="d">Uk</subfield>
            <subfield code="d">DLC</subfield>
          </datafield>
          <datafield tag="050" ind1="0" ind2="0">
            <subfield code="a">DA358.S4</subfield>
            <subfield code="b">W5</subfield>
          </datafield>
          <datafield tag="100" ind1="1" ind2=" ">
            <subfield code="a">Williams, Ethel Carleton.</subfield>
          </datafield>
          <datafield tag="245" ind1="1" ind2="0">
            <subfield code="a">Bess of Hardwick.</subfield>
          </datafield>
          <datafield tag="260" ind1=" " ind2=" ">
            <subfield code="a">London,</subfield>
            <subfield code="a">New York,</subfield>
            <subfield code="b">Longmans, Green</subfield>
            <subfield code="c">[1959]</subfield>
          </datafield>
          <datafield tag="300" ind1=" " ind2=" ">
            <subfield code="a">312 p.</subfield>
            <subfield code="b">illus.</subfield>
            <subfield code="c">23 cm.</subfield>
          </datafield>
          <datafield tag="600" ind1="1" ind2="0">
            <subfield code="a">Shrewsbury, Elizabeth Hardwick Talbot,</subfield>
            <subfield code="c">Countess of,</subfield>
            <subfield code="d">1520-1608.</subfield>
          </datafield>
          <datafield tag="651" ind1=" " ind2="0">
            <subfield code="a">Great Britain</subfield>
            <subfield code="x">History</subfield>
            <subfield code="y">Elizabeth, 1558-1603</subfield>
            <subfield code="x">Biography.</subfield>
          </datafield>
          <datafield tag="650" ind1=" " ind2="0">
            <subfield code="a">Women landowners</subfield>
            <subfield code="z">Great Britain</subfield>
            <subfield code="x">Biography.</subfield>
          </datafield>
          <datafield tag="650" ind1=" " ind2="0">
            <subfield code="a">Nobility</subfield>
            <subfield code="z">Great Britain</subfield>
            <subfield code="x">Biography.</subfield>
          </datafield>
          <datafield tag="985" ind1=" " ind2=" ">
            <subfield code="e">OCLC REPLACEMENT</subfield>
          </datafield>
          <datafield tag="991" ind1=" " ind2=" ">
            <subfield code="b">c-GenColl</subfield>
            <subfield code="h">DA358.S4</subfield>
            <subfield code="i">W5</subfield>
            <subfield code="t">Copy 1</subfield>
            <subfield code="w">OCLCREP</subfield>
          </datafield>
        </record>
      </zs:recordData>
      <zs:recordPosition>2</zs:recordPosition>
    </zs:record>